<record><leader>00000cas a22000007a 4500</leader><controlfield tag="001">18894205</controlfield><controlfield tag="008">881213d19071911idudn ne      0    0eng d</controlfield><datafield ind1=" " ind2=" " tag="010"><subfield code="a">sn 88056152 </subfield></datafield><datafield ind1=" " ind2=" " tag="040"><subfield code="a">NVB</subfield><subfield code="b">eng</subfield><subfield code="c">NVB</subfield><subfield code="d">OCLCQ</subfield><subfield code="d">OCLCF</subfield><subfield code="d">OCLCO</subfield></datafield><datafield ind1=" " ind2=" " tag="042"><subfield code="a">msc</subfield></datafield><datafield ind1=" " ind2=" " tag="043"><subfield code="a">n-us-id</subfield></datafield><datafield ind1="0" ind2=" " tag="130"><subfield code="a">Morning journal (Coeur d'Alene, Idaho)</subfield></datafield><datafield ind1="1" ind2="4" tag="245"><subfield code="a">The morning journal.</subfield></datafield><datafield ind1=" " ind2=" " tag="260"><subfield code="a">Coeur d'Alene, Idaho :</subfield><subfield code="b">Journal Print. Co.</subfield></datafield><datafield ind1=" " ind2=" " tag="300"><subfield code="a">v.</subfield></datafield><datafield ind1=" " ind2=" " tag="310"><subfield code="a">Daily (except Mon.)</subfield></datafield><datafield ind1="0" ind2=" " tag="362"><subfield code="a">Vol. 1, no. 1 (Mar. 26, 1907)-</subfield></datafield><datafield ind1="1" ind2=" " tag="362"><subfield code="a">Ceased in Jan. 1911.</subfield></datafield><datafield ind1=" " ind2=" " tag="580"><subfield code="a">Weekly ed.: Journal (Coeur d'Alene, Idaho).</subfield></datafield><datafield ind1=" " ind2="0" tag="651"><subfield code="a">Coeur d'Alene (Idaho)</subfield><subfield code="v">Newspapers.</subfield></datafield><datafield ind1=" " ind2="7" tag="655"><subfield code="a">Newspapers.</subfield><subfield code="2">fast</subfield><subfield code="0">(OCoLC)fst01423814</subfield></datafield><datafield ind1=" " ind2="7" tag="651"><subfield code="a">Idaho</subfield><subfield code="z">Coeur d'Alene.</subfield><subfield code="2">fast</subfield><subfield code="0">(OCoLC)fst01219982</subfield></datafield><datafield ind1=" " ind2=" " tag="752"><subfield code="a">United States</subfield><subfield code="b">Idaho</subfield><subfield code="c">Kootenai</subfield><subfield code="d">Coeur d'Alene.</subfield></datafield><datafield ind1="1" ind2=" " tag="775"><subfield code="t">Journal (Coeur d'Alene, Idaho)</subfield><subfield code="w">(DLC)sn 88056151</subfield></datafield></record>